
@manual{www:tokipona.org,
    TITLE = "toki pona -- offical book (first English edition 2014) and website",
    AUTHOR = "Sonja Lang",
    ADDRESS = "\url{http://www.tokipona.org}}"
}

@manual{irc:freenode:tokipona,
    TITLE = "toki pona -- chat troom",
    AUTHOR = "IRC",
    ADDRESS = "\url{irc://irc.freenode.net/tokipona}}"
}

@manual{www:forum:tokipona,
    TITLE = "toki pona -- forum",
    AUTHOR = "Sonja Lang",
    ADDRESS = "\url{http://forums.tokipona.org}"
}

@manual{www:Pije:01,
    TITLE  = "toki pona -- Lessons (2015)",
    AUTHOR = "Knight, B. J.",
    ADDRESS = "\url{http://tokipona.net/tp/janpije/}"
}

@manual{www:rowa:01,
    AUTHOR = "Warnke, Robert",
    TITLE  = "toki pona -- Lessons",
    ADDRESS = "\url{https://jan-lope.github.io/Toki_Pona_lessons_English/}"
}

@manual{www:rowa:02,
    AUTHOR = "Warnke, Robert",
    TITLE  = "Toki Pona Parser",
    ADDRESS = "\url{https://jan-lope.github.io/Toki_Pona-Parser/}"
}

@manual{www:Mata:01,
    AUTHOR = "Krzeminska, Marta",
    TITLE  = "ale li pona",
    ADDRESS = "\url{https://alelipona.wordpress.com/}"
}

@manual{www:Mata:02,
    AUTHOR = "Krzeminska, Marta",
    TITLE  = "You Tube",
    ADDRESS = "\url{https://www.youtube.com/watch?v=durtjjf87dY}"
}

@manual{www:piraha:01,
    AUTHOR = "Pirahá",
    TITLE  = "Pirahá",
    ADDRESS = "\url{https://www.youtube.com/watch?v=nDM8G5tuHF8}"
}

@manual{www:PaulGoguen:01,
    AUTHOR = "Goguen, Paul",
    TITLE  = "sike tu li pona",
    ADDRESS = "\url{http://tokipona.net/tp/janpije/music.php}"
}

@manual{www:failbluedot:01,
    AUTHOR = "F., Michael",
    TITLE  = "jan sewi li lon tan seme?",
    ADDRESS = "\url{http://failbluedot.com/toki_pona/}"
}

@manual{www:sowelitoki:01,
    AUTHOR = "jan Ote",
    TITLE  = "soweli toki",
    ADDRESS = "\url{http://soweli.blogspot.de/}"
}

@manual{www:olukin:01,
    AUTHOR = "jan Ote",
    TITLE  = "o lukin!",
    ADDRESS = "\url{http://olukin.blogspot.de/}"
}

@manual{www:janKluisa:01,
    AUTHOR = "jan Kulisa",
    TITLE  = "sina suno mi.",
    ADDRESS = "\url{https://soundcloud.com/christa-hansberry/sina-suno-mi}"
}

@manual{www:memrise:01,
    AUTHOR = "memrise.com",
    TITLE  = "memrise",
    ADDRESS = "\url{http://www.memrise.com/courses/english/toki-pona/}"
}

@manual{www:tokipona.net:01,
    AUTHOR = "tokipona.net",
    TITLE  = "tokipona.net",
    ADDRESS = "\url{http://tokipona.net/tp/Transliterate.aspx}"
}

@manual{www:astrodonunt:01,
    AUTHOR = "jan Mali",
    TITLE  = "Learn toki pona in a fortnight",
    ADDRESS = "\url{https://www.youtube.com/user/astrodonunt/videos}"
}

@manual{www:astrodonunt:02,
    AUTHOR = "jan Mali",
    TITLE  = "Heads, shoulders, knees and toes",
    ADDRESS = "\url{https://www.youtube.com/watch?v=VHvtu1FZkYY}"
}

@manual{www:janJon:01,
    AUTHOR = "jan Jon",
    TITLE  = "kalama musi pi tenpo pimeja pi jan tawa",
    ADDRESS = "\url{https://github.com/heuchi}"
}

@manual{www:piraha:01,
    AUTHOR = "Piraha",
    TITLE  = "Piraha",
    ADDRESS = "\url{https://www.youtube.com/watch?v=fcOuBggle4Y}"
}

@manual{www:tokipona.org:02,
    AUTHOR = "Sonja Lang",
    TITLE  = "sitelen pona",
    ADDRESS = "\url{http://tokipona.net/tp/janpije/hieroglyphs.php}"
}

@manual{www:jonathangabel.com:01,
    AUTHOR = "Jonathan Gabel",
    TITLE  = "sitelen sitelen",
    ADDRESS = "\url{http://www.jonathangabel.com/archive/2012/projects_t47.html}"
}

@manual{www:janMakuwe:01,
    AUTHOR = "jan Makuwe",
    TITLE  = "sitelen pona",
    ADDRESS = "\url{https://twitter.com/janMakuwe}"
}
